% This file was created with JabRef 2.10b2.
% Encoding: UTF-8


@Book{aastrom1995,
  Title                    = {PID Controllers: Theory, Design, and Tuning},
  Author                   = {K. J. Astrom and T. Hagglund},
  Publisher                = {International Society for Measurement and Con.},
  Year                     = {1995},

  Owner                    = {jafp},
  Timestamp                = {2013.12.15}
}

@Article{asf,
  Title                    = {{Atmel Software Framework - Reference}},
  Author                   = {Atmel},
  Journal                  = {Atmel Application Note},
  Year                     = {2013},

  Owner                    = {jafp},
  Timestamp                = {2013.12.16},
  Url                      = {www.atmel.com/tools/avrsoftwareframework.aspx}
}

@Article{avr1600,
  Title                    = {{AVR1600: Using the XMEGA Quadrature Decoder}},
  Author                   = {Atmel},
  Journal                  = {Atmel Application Note},
  Year                     = {2008},

  Owner                    = {jafp},
  Timestamp                = {2013.12.15}
}

@Article{avr221,
  Title                    = {{AVR221: Discrete PID Controller}},
  Author                   = {Atmel},
  Journal                  = {Atmel Application Note},
  Year                     = {2006},

  Owner                    = {jafp},
  Timestamp                = {2013.12.15}
}

@Article{copeland2008,
  Title                    = {{The Design of PID Controllers using Ziegler Nichols Tuning}},
  Author                   = {Brian R. Copeland},
  Journal                  = {UWI},
  Year                     = {2008},

  Owner                    = {jafp},
  Timestamp                = {2013.12.15}
}

@Article{friesel_note7,
  Title                    = {Note 7 - {PID} {C}ontroller},
  Author                   = {Anna Friesel},
  Journal                  = {IHK},
  Year                     = {2010},

  Owner                    = {jafp},
  Timestamp                = {2013.12.14}
}

@Article{friesel_note9,
  Title                    = {Note 9 - {D}iscrete {PID}},
  Author                   = {Anna Friesel},
  Journal                  = {IHK},
  Year                     = {2010},

  Owner                    = {jafp},
  Timestamp                = {2013.12.14}
}

@Book{moeslund2009,
  Title                    = {Image and Video Processing},
  Author                   = {Thomas B. Moeslund},
  Publisher                = {Aalborg Universitet},
  Year                     = {2009},

  Owner                    = {jafp},
  Timestamp                = {2013.12.14}
}

@Book{myler1993,
  Title                    = {The Pocket Handbook of Image Processing Algorithms in C},
  Author                   = {Harley R. Myler and Arthur R. Weeks},
  Publisher                = {Prentice Hall},
  Year                     = {1993},

  Owner                    = {jafp},
  Timestamp                = {2013.12.14}
}

@Book{nise2011,
  Title                    = {Control Systems Engineering},
  Author                   = {Norman S. Nise},
  Publisher                = {John Wiley \& Sons, Inc.},
  Year                     = {2011},

  Owner                    = {jafp},
  Timestamp                = {2013.12.14}
}

@Article{zhong2006,
  Title                    = {{PID} {C}ontroller {T}uning: {A} {S}hort {T}utorial},
  Author                   = {Jinghua Zhong},
  Journal                  = {Purdue University},
  Year                     = {2006},

  Owner                    = {jafp},
  Timestamp                = {2013.12.15}
}

